<?xml version="1.0" encoding="UTF-8"?><record xmlns="http://www.loc.gov/MARC21/slim" xmlns:cinclude="http://apache.org/cocoon/include/1.0" xmlns:zs="http://www.loc.gov/zing/srw/">
  <leader>00583cz  a2200157n  4500</leader>
  <controlfield tag="001">n 2004095953</controlfield>
  <controlfield tag="003">DLC</controlfield>
  <controlfield tag="005">20131119115254.0</controlfield>
  <controlfield tag="008">040504n| azannaabn          |a aaa      </controlfield>
  <datafield tag="010" ind1=" " ind2=" ">
    <subfield code="a">n 2004095953</subfield>
    <subfield code="z">n 2008065522</subfield>
  </datafield>
  <datafield tag="040" ind1=" " ind2=" ">
    <subfield code="a">DLC</subfield>
    <subfield code="b">eng</subfield>
    <subfield code="e">rda</subfield>
    <subfield code="c">DLC</subfield>
    <subfield code="d">DLC</subfield>
  </datafield>
  <datafield tag="100" ind1="1" ind2=" ">
    <subfield code="a">Clark, Linda,</subfield>
    <subfield code="d">1944-</subfield>
  </datafield>
  <datafield tag="400" ind1="1" ind2=" ">
    <subfield code="a">Clark, Linda M.,</subfield>
    <subfield code="d">1944-</subfield>
  </datafield>
  <datafield tag="670" ind1=" " ind2=" ">
    <subfield code="a">5 leadership essentials for women, 2004:</subfield>
    <subfield code="b">ECIP t.p. (Linda Clark)</subfield>
  </datafield>
  <datafield tag="670" ind1=" " ind2=" ">
    <subfield code="a">Information from publisher, May 4, 2004</subfield>
    <subfield code="b">(Clark, Linda; b. Dec. 13, 1944)</subfield>
  </datafield>
  <datafield tag="670" ind1=" " ind2=" ">
    <subfield code="a">Awaken the leader in you, c2009:</subfield>
    <subfield code="b">ECIP t.p. (Linda Clark) data view (Clark, Linda M.)</subfield>
  </datafield>
</record>